<?xml version="1.0" encoding="UTF-8"?><record xmlns="http://www.loc.gov/MARC21/slim" xmlns:cinclude="http://apache.org/cocoon/include/1.0" xmlns:zs="http://www.loc.gov/zing/srw/">
  <leader>00478cz  a2200145n  4500</leader>
  <controlfield tag="001">n  87908066 </controlfield>
  <controlfield tag="003">DLC</controlfield>
  <controlfield tag="005">20140226142415.0</controlfield>
  <controlfield tag="008">870623n| azannaabn          |n aaa      </controlfield>
  <datafield tag="010" ind1=" " ind2=" ">
    <subfield code="a">n  87908066 </subfield>
  </datafield>
  <datafield tag="035" ind1=" " ind2=" ">
    <subfield code="a">(OCoLC)oca01882610</subfield>
  </datafield>
  <datafield tag="040" ind1=" " ind2=" ">
    <subfield code="a">DLC</subfield>
    <subfield code="b">eng</subfield>
    <subfield code="c">DLC</subfield>
    <subfield code="d">DLC</subfield>
    <subfield code="e">rda</subfield>
    <subfield code="d">DNLM</subfield>
  </datafield>
  <datafield tag="046" ind1=" " ind2=" ">
    <subfield code="f">1940</subfield>
  </datafield>
  <datafield tag="100" ind1="1" ind2=" ">
    <subfield code="a">Stewart, Ian,</subfield>
    <subfield code="d">1940-</subfield>
  </datafield>
  <datafield tag="670" ind1=" " ind2=" ">
    <subfield code="a">His TA today, 1987:</subfield>
    <subfield code="b">CIP t.p. (Ian Stewart) data sheet (b. 1940) book p. i (Ph. D.; adult educ. tutor in TA at the Univ. of Nottingham, England)</subfield>
  </datafield>
</record>